<?xml version="1.0" encoding="UTF-8"?><collection xmlns="http://www.loc.gov/MARC21/slim"><record><leader>00586nam--2200193-i-4500</leader><controlfield tag="001">000031516</controlfield><controlfield tag="002">20161230</controlfield><controlfield tag="005">20161230201038</controlfield><controlfield tag="008">060222s1000------------r-----000-0-ger-d</controlfield><datafield ind1=" " ind2=" " tag="040"><subfield code="a">IFIN-HH</subfield></datafield><datafield ind1=" " ind2=" " tag="041"><subfield code="a">ger</subfield></datafield><datafield ind1=" " ind2=" " tag="080"><subfield code="a">535.376</subfield></datafield><datafield ind1="1" ind2=" " tag="100"><subfield code="a">Matossi, Frank</subfield></datafield><datafield ind1="1" ind2="0" tag="245"><subfield code="a">Elektrolumineszenz und elektrophotolumineszenz</subfield><subfield code="c">Frank matossi</subfield></datafield><datafield ind1=" " ind2=" " tag="260"><subfield code="a">Braunschweig</subfield><subfield code="b">Friedr.Vieweg &amp; Sohn</subfield><subfield code="c">1957</subfield></datafield><datafield ind1=" " ind2=" " tag="300"><subfield code="a">VI + 106P</subfield></datafield><datafield ind1=" " ind2=" " tag="490"><subfield code="a">Sammlung Vieweg Arbeiten Aus Den Gebieten Der Naturwissenschaften Und Der Technik,</subfield><subfield code="v">Heft 125</subfield></datafield><datafield ind1=" " ind2=" " tag="852"><subfield code="a">13611</subfield><subfield code="c">535.37</subfield></datafield><datafield ind1=" " ind2=" " tag="CAT"><subfield code="a">Sys</subfield><subfield code="c">20110413</subfield><subfield code="h">141851</subfield></datafield></record></collection>